@misc{rust2023,
  title={The Rust Programming Language},
  author={{The Rust Project Developers}},
  year={2025},
  howpublished={\url{https://www.rust-lang.org/}},
  note={Version 1.90.0}
}

@techreport{webassembly2023,
  title={WebAssembly Core Specification},
  author={{W3C WebAssembly Working Group}},
  institution={World Wide Web Consortium},
  year={2023},
  type={W3C Recommendation},
  number={W3C Recommendation},
  url={https://www.w3.org/TR/wasm-core-2/},
  note={Release 2.0, 03 November 2023}
}